@online{Wiki,
    author    =  {Wikimedia Foundation},
    title     =  {Data (computing)},
    url       =  {https://en.wikipedia.org/wiki/Data_(computing)},
    date	  =  2018,
    
}

@online{TimeComplexity,
	author	=	{Python Software Foundation},
	title	=	{TimeComplexity},
	url		=	{https://wiki.python.org/moin/TimeComplexity},
	date	=	2017
}

@online{CacheBench,
	author	=	{Grant Jenks},
	title	=	{DiskCache DjangoCache Benchmarks},
	url		=	{http://www.grantjenks.com/docs/diskcache/djangocache-benchmarks.html},
	date 	= 	2016
}

@online{InnovFR,
	author = {J. Pizani-Fery, M. Harfi et R. Lallement},
	title  = {Quinze ans de politiques d'innovation en France},
	url	   = {http://www.strategie.gouv.fr/publications/quinze-ans-de-politiques-dinnovation-france},
	date	= 2016
}

@online{Eurostat,
	author = {European Statistical Data Support},
	title 	=	{Results of the community innovation survey 2014},
	url		= {http://ec.europa.eu/eurostat/cache/metadata/fr/inn_cis9_esms.htm},
	date	=	2014
}

@online{Searchmetrics,
	author	=	{Searchmetrics},
	title = {Searchmetrics},
	url = {https://www.searchmetrics.com/fr/}
}

@online{Tableau,
	author	=	{Tableau Software},
	title	=	{Tableau},
	url	=	{https://www.tableau.com/}
}

@online{Dashthis,
	author	=	{Moment Zero},
	title	=	{Dashthis},
	url	=	{https://dashthis.com/}
}

@online{AnalyticCanvas,
	author	=	{nModal},
	title = {Analytic Canvas},
	url	=	{http://analyticscanvas.com/}
}

@online{ToucanToco,
	author	=	{Toucan Toco},
	title	=	{Toucan Toco},
	url	=	{https://toucantoco.com/fr/}
}

@online{Python,
	author	=	{Python Software Foundation},
	title = {Python},
	url	=	{https://www.python.org/}
}

@online{R,
	author	=	{The R Foundation},
	title	=	{R},
	url	=	{https://www.r-project.org/}
}

@online{SAS,
	author	=	{SAS Institute},
	title	=	{SAS},
	url	=	{https://www.sas.com/en_us/home.html}
}

@online{scatterplot,
	author	=	{Math is Fun},
	title	=	{Scatter Plots},
	url 	=	{https://www.mathsisfun.com/data/scatter-xy-plots.html},
	date	=	{2017}
}

@online{bubbleplot,
	author	=	{The Data Visualisation Catalogue},
	title	=	{Bubble Chart},
	url	=	{https://datavizcatalogue.com/methods/bubble_chart.html}
}

@online{piechart,
	author	=	{Math is Fun},
	title	=	{Pie Chart},
	url	=	{https://www.mathsisfun.com/data/pie-charts.html}
}

@online{stackedareaplot,
	author	=	{The Python Graph Gallery},
	title	=	{Stacked Area Plot},
	url	=	{https://python-graph-gallery.com/stacked-area-plot/}
}

@online{barchart,
	author	=	{The Data Visualisation Catalogue},
	title	=	{Bar Chart},
	url	=	{https://datavizcatalogue.com/methods/bar_chart.html}
}

@online{linechart,
	author	=	{The Data Visualisation Catalogue},
	title	=	{Line Graph},
	url	=	{https://datavizcatalogue.com/methods/line_graph.html}
}

@online{histogram,
	author	=	{The Data Visualisation Catalogue},
	title	=	{Histogram},
	url	=	{https://datavizcatalogue.com/methods/histogram.html}
}

@online{chartist,
	author	=	{Gion Kunz},
	title	=	{Chartist.js},
	url	=	 {http://gionkunz.github.io/chartist-js/}
}

@online{plotly,
	author	=	{Plotly},
	title	=	{plotly.js},
	url	=	{https://plot.ly/javascript/}
}

@online{d3,
	author	=	{Mike Bostock},
	title	=	{D3 Data-Driven Documents},
	url	=	{https://d3js.org/}
}

@online{highcharts,
	author	=	{Highcharts},
	title	=	{Hicharts},
	url	=	{https://www.highcharts.com/}
}

@online{chartjs,
	author	=	{Chart.js},
	title	=	{Chart.js},
	url	=	{https://www.chartjs.org/}
}

@online{canvasjs,
	author	=	{Fenopix},
	title	=	{canvasJS},
	url	=	{https://canvasjs.com/}
}

@online{mvt,
	author	=	{Django Software Foundation},
	title	=	{FAQ: General},
	url	=	{https://docs.djangoproject.com/en/2.0/faq/general/#django-appears-to-be-a-mvc-framework-but-you-call-the-controller-the-view-and-the-view-the-template-how-come-you-don-t-use-the-standard-names}
}

@online{js,
	author	=	{Mozilla},
	title	=	{JavaScript},
	url	=	{https://developer.mozilla.org/fr/docs/Web/JavaScript}
}

@online{jQuery,
	author	=	{The jQuery Foundation},
	title	=	{jQuery},
	url	=	{https://jquery.com/}
}

@online{reusablecharts,
	author	=	{Mike Bostock},
	title	=	{Towards Reusable Charts},
	url	=	{https://bost.ocks.org/mike/chart/}
}

@online{c3,
	author	=	{Masayuki Tanaka},
	title	=	{C3.js},
	url	=	{https://c3js.org/}
}

@online{nvd3,
	author	=	{Novus Partners},
	title	=	{NVD3},
	url	=	{http://nvd3.org/}
}

@online{gaapi,
	author	=	{Google Analytics},
	title	=	{Google Analytics},
	url	=	{https://developers.google.com/analytics/}
}
